<?xml version="1.0" encoding="UTF-8" ?>
<collection xmlns:xsi="http://www.w3.org/2001/XMLSchema-instance"
    xsi:schemaLocation="http://www.loc.gov/MARC21/slim
        http://www.loc.gov/standards/marcxml/schema/MARC21slim.xsd"
    xmlns="http://www.loc.gov/MARC21/slim">
<record>
  <leader>00217cam a2200397 i 4500</leader>
  <controlfield tag="001">b12327943</controlfield>
  <controlfield tag="003">LeBAU</controlfield>
  <controlfield tag="005">20140331</controlfield>
  <controlfield tag="008">970128s1937    ua            ||0 0 ara d</controlfield>
  <datafield tag="035" ind1=" " ind2=" ">
    <subfield code="a">ocn784205199</subfield>
  </datafield>
  <datafield tag="040" ind1=" " ind2=" ">
    <subfield code="a">LEAUB</subfield>
    <subfield code="b">ara</subfield>
    <subfield code="e">rda</subfield>
    <subfield code="c">LEAUB</subfield>
    <subfield code="d">LEAUB</subfield>
  </datafield>
  <datafield tag="082" ind1="0" ind2="4">
    <subfield code="a">297.4</subfield>
    <subfield code="2">22</subfield>
  </datafield>
  <datafield tag="100" ind1="1" ind2=" ">
    <subfield code="6">880-01</subfield>
    <subfield code="a">ʻUmarī, al-ʻArabī ibn Muḥammad,</subfield>
    <subfield code="d">1813 or 1814-1891 or 1892,</subfield>
    <subfield code="e">author.</subfield>
  </datafield>
  <datafield tag="245" ind1="1" ind2="0">
    <subfield code="6">880-02</subfield>
    <subfield code="a">Bughyat al-mustafīd li-sharḥ Munyat al-murīd /</subfield>
    <subfield code="c">taʼlīf al-imām al-‘allāmah al-shahīr al-qudwah al-‘ārif billāh ta‘ālá ustādh al-Maghrib al-Aqṣá wa-‘anqā’ maghribih al-mubriz bi-ikhtiṣāṣihi bi-alfaḍā’il naṣṣan al-Shaykh sayyidī Muḥammad al-ʻArabī ibn al-Sāʼih al-Sharqī al-ʻUmarī nasabahu al-Tijānī mashrabahu... Wa-qad ulḥiqa bihi Sirrīyat al-ḥaqq wa-al-intiṣār wa-al-dhabb ʻan awliyāʼ Allāh al-akhyār; Wa-bi-hāmishihi kitāb al-Jaysh al-kafīl bi-akhdh al-thaʼr mimman salla ʻalā al-shaykh al-Tijānī sayf al-inkār / wa-kilāhumā taʼlīfa l-adīb al-bāri‘ al-ḥāfiẓ al-muṭāli‘ al-‘ālim al-‘allāmah al-muḥaqqiq al-fahhāmah sayyidī Muḥammad ibn Muḥammad al-Ṣaghīr al-Shinjiṭī al-Tashītī.</subfield>
  </datafield>
  <datafield tag="264" ind1=" " ind2="1">
    <subfield code="6">880-03</subfield>
    <subfield code="a">Miṣr :</subfield>
    <subfield code="b">al-Maktabah al-Tijārīyah,</subfield>
    <subfield code="c">1356 H., [1937? M.]</subfield>
  </datafield>
  <datafield tag="300" ind1=" " ind2=" ">
    <subfield code="6">880-04</subfield>
    <subfield code="a">8, 311 pages ;</subfield>
    <subfield code="c">28 cm</subfield>
  </datafield>
  <datafield tag="336" ind1=" " ind2=" ">
    <subfield code="a">text</subfield>
    <subfield code="b">txt</subfield>
    <subfield code="2">rdacontent</subfield>
  </datafield>
  <datafield tag="337" ind1=" " ind2=" ">
    <subfield code="a">unmediated</subfield>
    <subfield code="b">n</subfield>
    <subfield code="2">rdamedia</subfield>
  </datafield>
  <datafield tag="338" ind1=" " ind2=" ">
    <subfield code="a">volume</subfield>
    <subfield code="b">nc</subfield>
    <subfield code="2">rdacarrier</subfield>
  </datafield>
  <datafield tag="650" ind1=" " ind2="4">
    <subfield code="a">التصوف.</subfield>
  </datafield>
  <datafield tag="650" ind1=" " ind2="4">
    <subfield code="a">التجانية.</subfield>
  </datafield>
  <datafield tag="650" ind1=" " ind2="0">
    <subfield code="a">Sufism.</subfield>
  </datafield>
  <datafield tag="650" ind1=" " ind2="0">
    <subfield code="a">Tijānīyah.</subfield>
  </datafield>
  <datafield tag="700" ind1="1" ind2="2">
    <subfield code="6">880-05</subfield>
    <subfield code="a">Shinjīṭī, Muḥammad ibn Muḥammad al-Ṣaghīr.</subfield>
    <subfield code="t">Sirrīyat al-ḥaqq wa-al-intiṣār wa-al-dhabb ʻan awliyāʼ Allāh al-akhyār.</subfield>
  </datafield>
  <datafield tag="700" ind1="1" ind2="2">
    <subfield code="6">880-06</subfield>
    <subfield code="a">Shinjīṭī, Muḥammad ibn Muḥammad al-Ṣaghīr.</subfield>
    <subfield code="t">Jaysh al-kafīl bi-akhdh al-thaʼr mimman salla ʻalá al-shaykh al-Tijānī sayf al-inkār.</subfield>
  </datafield>
  <datafield tag="852" ind1=" " ind2=" ">
    <subfield code="a">Jafet Library</subfield>
    <subfield code="e">American University of Beirut, Bliss Street , Beirut, Lebanon.</subfield>
  </datafield>
  <datafield tag="880" ind1="1" ind2=" ">
    <subfield code="6">100-01/(3/r</subfield>
    <subfield code="a">العمري، العربي بن محمد،</subfield>
    <subfield code="d">1813 او 1814-1891 او 1892،</subfield>
    <subfield code="e">مؤلف. </subfield>
    <subfield code="4">aut.</subfield>
  </datafield>
  <datafield tag="880" ind1="1" ind2="0">
    <subfield code="6">245-02/(3/r</subfield>
    <subfield code="a">بغية المستفيد لشرح منية المريد /</subfield>
    <subfield code="c">تأليف الإمام العلامة الشهير القدوة العارف بالله تعالى أستاذ المغرب الأقصى وعنقاء مغربه المبرز بإختصاصه بالفضائل نصا الشيخ سيدي محمد العربي بن السائح الشرقي العمري نسبه التجاني مشربه... وقد ألحق به سرية الحق والإنتصار والذب عن أولياء الله الأخيار؛ وبهامشه كتاب الجيش الكفيل بأخذ الثأر ممن سل على الشيخ التجاني سيف الإنكار / وكلاهما تأليف الأديب البارع الحافظ المطالع العالم العلامة المحقق الفهامة سيدي محمد بن محمد الصغير الشنجيطي التشيتي.</subfield>
  </datafield>
  <datafield tag="880" ind1=" " ind2="1">
    <subfield code="6">264-03/(3/r</subfield>
    <subfield code="a">مصر :</subfield>
    <subfield code="b">المكتبة التجارية،</subfield>
    <subfield code="c">1356 هـ.، [1937؟ م.]</subfield>
  </datafield>
  <datafield tag="880" ind1=" " ind2=" ">
    <subfield code="6">300-04/(3/r</subfield>
    <subfield code="a">8، 311 صفحة ؛</subfield>
    <subfield code="c">28 سم</subfield>
  </datafield>
  <datafield tag="880" ind1="1" ind2="2">
    <subfield code="6">700-05/(3/r</subfield>
    <subfield code="a">الشنجيطي، محمد بن محمد الصغير.</subfield>
    <subfield code="t">سرية الحق والإنتصار والذب عن أولياء الله الأخيار.</subfield>
  </datafield>
  <datafield tag="880" ind1="1" ind2="2">
    <subfield code="6">700-06/(3/r</subfield>
    <subfield code="a">الشنجيطي، محمد بن محمد الصغير.</subfield>
    <subfield code="t">الجيش الكفيل بأخذ الثأر ممن سل على الشيخ التجاني سيف الإنكار.</subfield>
  </datafield>
  <datafield tag="907" ind1=" " ind2=" ">
    <subfield code="a">.b12327943</subfield>
    <subfield code="b">16-07-29</subfield>
    <subfield code="c">11-05-24</subfield>
  </datafield>
  <datafield tag="907" ind1=" " ind2=" ">
    <subfield code="a">.b12327943</subfield>
    <subfield code="b">15-10-15</subfield>
    <subfield code="c">11-05-24</subfield>
  </datafield>
  <datafield tag="945" ind1=" " ind2=" ">
    <subfield code="f">J</subfield>
    <subfield code="a">297.4:I134bA:c.1</subfield>
    <subfield code="g">1</subfield>
    <subfield code="i">01002548</subfield>
    <subfield code="j">.i12758656</subfield>
    <subfield code="l">u0503</subfield>
  </datafield>
  <datafield tag="998" ind1=" " ind2=" ">
    <subfield code="a">u05</subfield>
    <subfield code="b">97-01-28</subfield>
    <subfield code="c">m</subfield>
    <subfield code="d">a</subfield>
    <subfield code="e">-</subfield>
    <subfield code="f">ara</subfield>
    <subfield code="g">ua </subfield>
    <subfield code="h">0</subfield>
    <subfield code="i">1</subfield>
  </datafield>
</record>
</collection>
